%YAML 1.1
%TAG !u! tag:unity3d.com,2011:
--- !u!1 &4778555669448451457
GameObject:
  m_ObjectHideFlags: 0
  m_CorrespondingSourceObject: {fileID: 0}
  m_PrefabInstance: {fileID: 0}
  m_PrefabAsset: {fileID: 0}
  serializedVersion: 6
  m_Component:
  - component: {fileID: 4778555669448030625}
  m_Layer: 0
  m_Name: Bip001 L Forearm
  m_TagString: Untagged
  m_Icon: {fileID: 0}
  m_NavMeshLayer: 0
  m_StaticEditorFlags: 0
  m_IsActive: 1
--- !u!4 &4778555669448030625
Transform:
  m_ObjectHideFlags: 0
  m_CorrespondingSourceObject: {fileID: 0}
  m_PrefabInstance: {fileID: 0}
  m_PrefabAsset: {fileID: 0}
  m_GameObject: {fileID: 4778555669448451457}
  m_LocalRotation: {x: 0.000000020489184, y: -0.000000057921945, z: 0.09487927, w: 0.9954888}
  m_LocalPosition: {x: -0.43241632, y: 0, z: 0}
  m_LocalScale: {x: 1, y: 1, z: 1.0000001}
  m_Children:
  - {fileID: 4778555669448030631}
  m_Father: {fileID: 4778555669448030639}
  m_RootOrder: 0
  m_LocalEulerAnglesHint: {x: 0.0000010315471, y: -0.0000020670482, z: 82.88942}
--- !u!1 &4778555669448451459
GameObject:
  m_ObjectHideFlags: 0
  m_CorrespondingSourceObject: {fileID: 0}
  m_PrefabInstance: {fileID: 0}
  m_PrefabAsset: {fileID: 0}
  serializedVersion: 6
  m_Component:
  - component: {fileID: 4778555669448030627}
  m_Layer: 0
  m_Name: Bip001 L Foot
  m_TagString: Untagged
  m_Icon: {fileID: 0}
  m_NavMeshLayer: 0
  m_StaticEditorFlags: 0
  m_IsActive: 1
--- !u!4 &4778555669448030627
Transform:
  m_ObjectHideFlags: 0
  m_CorrespondingSourceObject: {fileID: 0}
  m_PrefabInstance: {fileID: 0}
  m_PrefabAsset: {fileID: 0}
  m_GameObject: {fileID: 4778555669448451459}
  m_LocalRotation: {x: -0.00020005532, y: 0.0052113603, z: -0.04368905, w: 0.99903154}
  m_LocalPosition: {x: -0.51009345, y: -0.000000006055832, z: -0.000000012111664}
  m_LocalScale: {x: 1, y: 1.0000001, z: 1}
  m_Children:
  - {fileID: 4778555669448030635}
  m_Father: {fileID: 4778555669448030651}
  m_RootOrder: 0
  m_LocalEulerAnglesHint: {x: -7.081249, y: 6.714462, z: -8.739437}
--- !u!1 &4778555669448451461
GameObject:
  m_ObjectHideFlags: 0
  m_CorrespondingSourceObject: {fileID: 0}
  m_PrefabInstance: {fileID: 0}
  m_PrefabAsset: {fileID: 0}
  serializedVersion: 6
  m_Component:
  - component: {fileID: 4778555669448030629}
  m_Layer: 0
  m_Name: Bip001 L Thigh
  m_TagString: Untagged
  m_Icon: {fileID: 0}
  m_NavMeshLayer: 0
  m_StaticEditorFlags: 0
  m_IsActive: 1
--- !u!4 &4778555669448030629
Transform:
  m_ObjectHideFlags: 0
  m_CorrespondingSourceObject: {fileID: 0}
  m_PrefabInstance: {fileID: 0}
  m_PrefabAsset: {fileID: 0}
  m_GameObject: {fileID: 4778555669448451461}
  m_LocalRotation: {x: 0.011799276, y: 0.9999168, z: -0.00036688944, w: 0.0052016405}
  m_LocalPosition: {x: 0.00000019378662, y: 0.0000002846241, z: 0.16512406}
  m_LocalScale: {x: 0.99999994, y: 1, z: 1}
  m_Children:
  - {fileID: 4778555669448030651}
  m_Father: {fileID: 4778555669448030611}
  m_RootOrder: 0
  m_LocalEulerAnglesHint: {x: -27.921143, y: 176.27774, z: -30.80387}
--- !u!1 &4778555669448451463
GameObject:
  m_ObjectHideFlags: 0
  m_CorrespondingSourceObject: {fileID: 0}
  m_PrefabInstance: {fileID: 0}
  m_PrefabAsset: {fileID: 0}
  serializedVersion: 6
  m_Component:
  - component: {fileID: 4778555669448030631}
  m_Layer: 0
  m_Name: Bip001 L Hand
  m_TagString: Untagged
  m_Icon: {fileID: 0}
  m_NavMeshLayer: 0
  m_StaticEditorFlags: 0
  m_IsActive: 1
--- !u!4 &4778555669448030631
Transform:
  m_ObjectHideFlags: 0
  m_CorrespondingSourceObject: {fileID: 0}
  m_PrefabInstance: {fileID: 0}
  m_PrefabAsset: {fileID: 0}
  m_GameObject: {fileID: 4778555669448451463}
  m_LocalRotation: {x: -0.7067734, y: -0.06663607, z: -0.008636268, w: 0.70424175}
  m_LocalPosition: {x: -0.3868162, y: 0.000000012111664, z: -0.00000009689331}
  m_LocalScale: {x: 1, y: 1, z: 1}
  m_Children:
  - {fileID: 4778555669448030655}
  m_Father: {fileID: 4778555669448030625}
  m_RootOrder: 0
  m_LocalEulerAnglesHint: {x: 17.304365, y: 165.57727, z: 159.4804}
--- !u!1 &4778555669448451465
GameObject:
  m_ObjectHideFlags: 0
  m_CorrespondingSourceObject: {fileID: 0}
  m_PrefabInstance: {fileID: 0}
  m_PrefabAsset: {fileID: 0}
  serializedVersion: 6
  m_Component:
  - component: {fileID: 4778555669448030633}
  m_Layer: 0
  m_Name: Bip001 L Toe0Nub
  m_TagString: Untagged
  m_Icon: {fileID: 0}
  m_NavMeshLayer: 0
  m_StaticEditorFlags: 0
  m_IsActive: 1
--- !u!4 &4778555669448030633
Transform:
  m_ObjectHideFlags: 0
  m_CorrespondingSourceObject: {fileID: 0}
  m_PrefabInstance: {fileID: 0}
  m_PrefabAsset: {fileID: 0}
  m_GameObject: {fileID: 4778555669448451465}
  m_LocalRotation: {x: 9.553441e-16, y: 1.75553e-30, z: 1, w: -1.8375893e-15}
  m_LocalPosition: {x: -0.12456887, y: 0, z: 0}
  m_LocalScale: {x: -0.99999994, y: -1, z: -0.99999994}
  m_Children: []
  m_Father: {fileID: 4778555669448030635}
  m_RootOrder: 0
  m_LocalEulerAnglesHint: {x: 0, y: 0, z: 0}
--- !u!1 &4778555669448451467
GameObject:
  m_ObjectHideFlags: 0
  m_CorrespondingSourceObject: {fileID: 0}
  m_PrefabInstance: {fileID: 0}
  m_PrefabAsset: {fileID: 0}
  serializedVersion: 6
  m_Component:
  - component: {fileID: 4778555669448030635}
  m_Layer: 0
  m_Name: Bip001 L Toe0
  m_TagString: Untagged
  m_Icon: {fileID: 0}
  m_NavMeshLayer: 0
  m_StaticEditorFlags: 0
  m_IsActive: 1
--- !u!4 &4778555669448030635
Transform:
  m_ObjectHideFlags: 0
  m_CorrespondingSourceObject: {fileID: 0}
  m_PrefabInstance: {fileID: 0}
  m_PrefabAsset: {fileID: 0}
  m_GameObject: {fileID: 4778555669448451467}
  m_LocalRotation: {x: 0.000000015454312, y: -0.000000015454312, z: -0.7071068, w: 0.7071068}
  m_LocalPosition: {x: -0.13381289, y: 0.14277282, z: 0}
  m_LocalScale: {x: 0.99999994, y: 1, z: 0.99999994}
  m_Children:
  - {fileID: 4778555669448030633}
  m_Father: {fileID: 4778555669448030627}
  m_RootOrder: 0
  m_LocalEulerAnglesHint: {x: 3.580729, y: 0.0021792664, z: -90.027756}
--- !u!1 &4778555669448451469
GameObject:
  m_ObjectHideFlags: 0
  m_CorrespondingSourceObject: {fileID: 0}
  m_PrefabInstance: {fileID: 0}
  m_PrefabAsset: {fileID: 0}
  serializedVersion: 6
  m_Component:
  - component: {fileID: 4778555669448030637}
  m_Layer: 0
  m_Name: Bip001 Neck
  m_TagString: Untagged
  m_Icon: {fileID: 0}
  m_NavMeshLayer: 0
  m_StaticEditorFlags: 0
  m_IsActive: 1
--- !u!4 &4778555669448030637
Transform:
  m_ObjectHideFlags: 0
  m_CorrespondingSourceObject: {fileID: 0}
  m_PrefabInstance: {fileID: 0}
  m_PrefabAsset: {fileID: 0}
  m_GameObject: {fileID: 4778555669448451469}
  m_LocalRotation: {x: -4.3151616e-14, y: 0.00000036083372, z: -0.1300958, w: 0.99150145}
  m_LocalPosition: {x: -0.36533022, y: 0.017163498, z: 0.000000026758634}
  m_LocalScale: {x: 1.0000001, y: 1.0000001, z: 1}
  m_Children:
  - {fileID: 4778555669448030647}
  m_Father: {fileID: 4778555669448030601}
  m_RootOrder: 1
  m_LocalEulerAnglesHint: {x: 0.000004280145, y: 0.00004349329, z: -14.950255}
--- !u!1 &4778555669448451471
GameObject:
  m_ObjectHideFlags: 0
  m_CorrespondingSourceObject: {fileID: 0}
  m_PrefabInstance: {fileID: 0}
  m_PrefabAsset: {fileID: 0}
  serializedVersion: 6
  m_Component:
  - component: {fileID: 4778555669448030639}
  m_Layer: 0
  m_Name: Bip001 L UpperArm
  m_TagString: Untagged
  m_Icon: {fileID: 0}
  m_NavMeshLayer: 0
  m_StaticEditorFlags: 0
  m_IsActive: 1
--- !u!4 &4778555669448030639
Transform:
  m_ObjectHideFlags: 0
  m_CorrespondingSourceObject: {fileID: 0}
  m_PrefabInstance: {fileID: 0}
  m_PrefabAsset: {fileID: 0}
  m_GameObject: {fileID: 4778555669448451471}
  m_LocalRotation: {x: 0.040176388, y: -0.34059682, z: 0.014607106, w: 0.93923706}
  m_LocalPosition: {x: -0.19370845, y: 0.000000006055832, z: 0}
  m_LocalScale: {x: 1, y: 1.0000001, z: 1}
  m_Children:
  - {fileID: 4778555669448030625}
  m_Father: {fileID: 4778555669448030649}
  m_RootOrder: 0
  m_LocalEulerAnglesHint: {x: -10.805086, y: -40.183376, z: 51.556953}
--- !u!1 &4778555669448451473
GameObject:
  m_ObjectHideFlags: 0
  m_CorrespondingSourceObject: {fileID: 0}
  m_PrefabInstance: {fileID: 0}
  m_PrefabAsset: {fileID: 0}
  serializedVersion: 6
  m_Component:
  - component: {fileID: 4778555669448030641}
  m_Layer: 0
  m_Name: Bip001 Footsteps
  m_TagString: Untagged
  m_Icon: {fileID: 0}
  m_NavMeshLayer: 0
  m_StaticEditorFlags: 0
  m_IsActive: 1
--- !u!4 &4778555669448030641
Transform:
  m_ObjectHideFlags: 0
  m_CorrespondingSourceObject: {fileID: 0}
  m_PrefabInstance: {fileID: 0}
  m_PrefabAsset: {fileID: 0}
  m_GameObject: {fileID: 4778555669448451473}
  m_LocalRotation: {x: 0, y: 0, z: -0.7071063, w: 0.70710725}
  m_LocalPosition: {x: -0, y: 0, z: -1.2714787}
  m_LocalScale: {x: 1, y: 1, z: 1}
  m_Children: []
  m_Father: {fileID: 4778555669448030643}
  m_RootOrder: 0
  m_LocalEulerAnglesHint: {x: 0, y: 0, z: 0}
--- !u!1 &4778555669448451475
GameObject:
  m_ObjectHideFlags: 0
  m_CorrespondingSourceObject: {fileID: 0}
  m_PrefabInstance: {fileID: 0}
  m_PrefabAsset: {fileID: 0}
  serializedVersion: 6
  m_Component:
  - component: {fileID: 4778555669448030643}
  m_Layer: 0
  m_Name: Bip001
  m_TagString: Untagged
  m_Icon: {fileID: 0}
  m_NavMeshLayer: 0
  m_StaticEditorFlags: 0
  m_IsActive: 1
--- !u!4 &4778555669448030643
Transform:
  m_ObjectHideFlags: 0
  m_CorrespondingSourceObject: {fileID: 0}
  m_PrefabInstance: {fileID: 0}
  m_PrefabAsset: {fileID: 0}
  m_GameObject: {fileID: 4778555669448451475}
  m_LocalRotation: {x: -0.50000036, y: 0.49999964, z: 0.49999964, w: 0.50000036}
  m_LocalPosition: {x: -0, y: 1.2856663, z: -0.02168165}
  m_LocalScale: {x: 0.99999994, y: 0.99999994, z: 1}
  m_Children:
  - {fileID: 4778555669448030641}
  - {fileID: 4778555669448030611}
  m_Father: {fileID: 4778555669448030607}
  m_RootOrder: 1
  m_LocalEulerAnglesHint: {x: -84.81998, y: -11.169872, z: 105.13172}
--- !u!1 &4778555669448451477
GameObject:
  m_ObjectHideFlags: 0
  m_CorrespondingSourceObject: {fileID: 0}
  m_PrefabInstance: {fileID: 0}
  m_PrefabAsset: {fileID: 0}
  serializedVersion: 6
  m_Component:
  - component: {fileID: 4778555669448030645}
  m_Layer: 0
  m_Name: Bip001 HeadNub
  m_TagString: Untagged
  m_Icon: {fileID: 0}
  m_NavMeshLayer: 0
  m_StaticEditorFlags: 0
  m_IsActive: 1
--- !u!4 &4778555669448030645
Transform:
  m_ObjectHideFlags: 0
  m_CorrespondingSourceObject: {fileID: 0}
  m_PrefabInstance: {fileID: 0}
  m_PrefabAsset: {fileID: 0}
  m_GameObject: {fileID: 4778555669448451477}
  m_LocalRotation: {x: -4.1174657e-20, y: -3.3881318e-21, z: -1.39505e-40, w: 1}
  m_LocalPosition: {x: -0.31048164, y: 0.000000001513958, z: 0}
  m_LocalScale: {x: 1, y: 0.99999994, z: 0.99999994}
  m_Children: []
  m_Father: {fileID: 4778555669448030647}
  m_RootOrder: 0
  m_LocalEulerAnglesHint: {x: 0, y: 0, z: 0}
--- !u!1 &4778555669448451479
GameObject:
  m_ObjectHideFlags: 0
  m_CorrespondingSourceObject: {fileID: 0}
  m_PrefabInstance: {fileID: 0}
  m_PrefabAsset: {fileID: 0}
  serializedVersion: 6
  m_Component:
  - component: {fileID: 4778555669448030647}
  m_Layer: 0
  m_Name: Bip001 Head
  m_TagString: Untagged
  m_Icon: {fileID: 0}
  m_NavMeshLayer: 0
  m_StaticEditorFlags: 0
  m_IsActive: 1
--- !u!4 &4778555669448030647
Transform:
  m_ObjectHideFlags: 0
  m_CorrespondingSourceObject: {fileID: 0}
  m_PrefabInstance: {fileID: 0}
  m_PrefabAsset: {fileID: 0}
  m_GameObject: {fileID: 4778555669448451479}
  m_LocalRotation: {x: -2.6354163e-13, y: -0.00000031613337, z: 0.11398012, w: 0.993483}
  m_LocalPosition: {x: -0.11682097, y: -0.000000048446655, z: 0}
  m_LocalScale: {x: 0.99999994, y: 0.99999994, z: 1}
  m_Children:
  - {fileID: 4778555669448030645}
  m_Father: {fileID: 4778555669448030637}
  m_RootOrder: 0
  m_LocalEulerAnglesHint: {x: 40.646797, y: 20.751696, z: 27.435059}
--- !u!1 &4778555669448451481
GameObject:
  m_ObjectHideFlags: 0
  m_CorrespondingSourceObject: {fileID: 0}
  m_PrefabInstance: {fileID: 0}
  m_PrefabAsset: {fileID: 0}
  serializedVersion: 6
  m_Component:
  - component: {fileID: 4778555669448030649}
  m_Layer: 0
  m_Name: Bip001 L Clavicle
  m_TagString: Untagged
  m_Icon: {fileID: 0}
  m_NavMeshLayer: 0
  m_StaticEditorFlags: 0
  m_IsActive: 1
--- !u!4 &4778555669448030649
Transform:
  m_ObjectHideFlags: 0
  m_CorrespondingSourceObject: {fileID: 0}
  m_PrefabInstance: {fileID: 0}
  m_PrefabAsset: {fileID: 0}
  m_GameObject: {fileID: 4778555669448451481}
  m_LocalRotation: {x: -0.6408772, y: -0.00025623903, z: 0.76764333, w: -0.0003047534}
  m_LocalPosition: {x: -0.29195407, y: -0.00034396217, z: 0.08171383}
  m_LocalScale: {x: 1.0000001, y: 1.0000001, z: 1.0000001}
  m_Children:
  - {fileID: 4778555669448030639}
  m_Father: {fileID: 4778555669448030601}
  m_RootOrder: 0
  m_LocalEulerAnglesHint: {x: 0.90778637, y: -86.03198, z: 167.76234}
--- !u!1 &4778555669448451483
GameObject:
  m_ObjectHideFlags: 0
  m_CorrespondingSourceObject: {fileID: 0}
  m_PrefabInstance: {fileID: 0}
  m_PrefabAsset: {fileID: 0}
  serializedVersion: 6
  m_Component:
  - component: {fileID: 4778555669448030651}
  m_Layer: 0
  m_Name: Bip001 L Calf
  m_TagString: Untagged
  m_Icon: {fileID: 0}
  m_NavMeshLayer: 0
  m_StaticEditorFlags: 0
  m_IsActive: 1
--- !u!4 &4778555669448030651
Transform:
  m_ObjectHideFlags: 0
  m_CorrespondingSourceObject: {fileID: 0}
  m_PrefabInstance: {fileID: 0}
  m_PrefabAsset: {fileID: 0}
  m_GameObject: {fileID: 4778555669448451483}
  m_LocalRotation: {x: 1.5472588e-11, y: -0.0000000013972015, z: 0.031898446, w: 0.99949116}
  m_LocalPosition: {x: -0.62975675, y: 0, z: 0}
  m_LocalScale: {x: 0.99999994, y: 0.9999998, z: 0.99999994}
  m_Children:
  - {fileID: 4778555669448030627}
  m_Father: {fileID: 4778555669448030629}
  m_RootOrder: 0
  m_LocalEulerAnglesHint: {x: -0.00000026496951, y: -0.0000008856933, z: 37.78302}
--- !u!1 &4778555669448451485
GameObject:
  m_ObjectHideFlags: 0
  m_CorrespondingSourceObject: {fileID: 0}
  m_PrefabInstance: {fileID: 0}
  m_PrefabAsset: {fileID: 0}
  serializedVersion: 6
  m_Component:
  - component: {fileID: 4778555669448030653}
  m_Layer: 0
  m_Name: Bip001 L Finger0Nub
  m_TagString: Untagged
  m_Icon: {fileID: 0}
  m_NavMeshLayer: 0
  m_StaticEditorFlags: 0
  m_IsActive: 1
--- !u!4 &4778555669448030653
Transform:
  m_ObjectHideFlags: 0
  m_CorrespondingSourceObject: {fileID: 0}
  m_PrefabInstance: {fileID: 0}
  m_PrefabAsset: {fileID: 0}
  m_GameObject: {fileID: 4778555669448451485}
  m_LocalRotation: {x: -0.000000005587936, y: 0.000000007450581, z: 0.0000000037252907,
    w: 1}
  m_LocalPosition: {x: -0.11363192, y: -0.00000009689331, z: 0.000000012111664}
  m_LocalScale: {x: 0.99999994, y: 0.99999994, z: 0.99999994}
  m_Children: []
  m_Father: {fileID: 4778555669448030655}
  m_RootOrder: 0
  m_LocalEulerAnglesHint: {x: 0, y: 0, z: 0}
--- !u!1 &4778555669448451487
GameObject:
  m_ObjectHideFlags: 0
  m_CorrespondingSourceObject: {fileID: 0}
  m_PrefabInstance: {fileID: 0}
  m_PrefabAsset: {fileID: 0}
  serializedVersion: 6
  m_Component:
  - component: {fileID: 4778555669448030655}
  m_Layer: 0
  m_Name: Bip001 L Finger0
  m_TagString: Untagged
  m_Icon: {fileID: 0}
  m_NavMeshLayer: 0
  m_StaticEditorFlags: 0
  m_IsActive: 1
--- !u!4 &4778555669448030655
Transform:
  m_ObjectHideFlags: 0
  m_CorrespondingSourceObject: {fileID: 0}
  m_PrefabInstance: {fileID: 0}
  m_PrefabAsset: {fileID: 0}
  m_GameObject: {fileID: 4778555669448451487}
  m_LocalRotation: {x: -0.00038513317, y: -0.000101047684, z: -0.25378627, w: 0.9672603}
  m_LocalPosition: {x: -0.13174462, y: 0, z: 0.000000012111664}
  m_LocalScale: {x: 1, y: 1, z: 1.0000001}
  m_Children:
  - {fileID: 4778555669448030653}
  m_Father: {fileID: 4778555669448030631}
  m_RootOrder: 0
  m_LocalEulerAnglesHint: {x: -10.265856, y: 5.832505, z: -30.331068}
--- !u!1 &4778555669448451553
GameObject:
  m_ObjectHideFlags: 0
  m_CorrespondingSourceObject: {fileID: 0}
  m_PrefabInstance: {fileID: 0}
  m_PrefabAsset: {fileID: 0}
  serializedVersion: 6
  m_Component:
  - component: {fileID: 4778555669448030593}
  m_Layer: 0
  m_Name: Bip001 R Toe0
  m_TagString: Untagged
  m_Icon: {fileID: 0}
  m_NavMeshLayer: 0
  m_StaticEditorFlags: 0
  m_IsActive: 1
--- !u!4 &4778555669448030593
Transform:
  m_ObjectHideFlags: 0
  m_CorrespondingSourceObject: {fileID: 0}
  m_PrefabInstance: {fileID: 0}
  m_PrefabAsset: {fileID: 0}
  m_GameObject: {fileID: 4778555669448451553}
  m_LocalRotation: {x: -0.00000001545431, y: 0.00000001545431, z: -0.7071068, w: 0.7071068}
  m_LocalPosition: {x: -0.13381289, y: 0.14277282, z: 0}
  m_LocalScale: {x: 0.99999994, y: 1, z: 0.99999994}
  m_Children:
  - {fileID: 4778555669448030599}
  m_Father: {fileID: 4778555669448030617}
  m_RootOrder: 0
  m_LocalEulerAnglesHint: {x: -0.000009505564, y: -0.000043673186, z: -89.999985}
--- !u!1 &4778555669448451555
GameObject:
  m_ObjectHideFlags: 0
  m_CorrespondingSourceObject: {fileID: 0}
  m_PrefabInstance: {fileID: 0}
  m_PrefabAsset: {fileID: 0}
  serializedVersion: 6
  m_Component:
  - component: {fileID: 4778555669448030595}
  m_Layer: 0
  m_Name: Bip001 R Thigh
  m_TagString: Untagged
  m_Icon: {fileID: 0}
  m_NavMeshLayer: 0
  m_StaticEditorFlags: 0
  m_IsActive: 1
--- !u!4 &4778555669448030595
Transform:
  m_ObjectHideFlags: 0
  m_CorrespondingSourceObject: {fileID: 0}
  m_PrefabInstance: {fileID: 0}
  m_PrefabAsset: {fileID: 0}
  m_GameObject: {fileID: 4778555669448451555}
  m_LocalRotation: {x: 0.011799281, y: 0.9999168, z: 0.00036548538, w: -0.005203099}
  m_LocalPosition: {x: -0.00000019378662, y: -0.00000017259121, z: -0.16512406}
  m_LocalScale: {x: 1, y: 1, z: 1}
  m_Children:
  - {fileID: 4778555669448030609}
  m_Father: {fileID: 4778555669448030611}
  m_RootOrder: 1
  m_LocalEulerAnglesHint: {x: -2.1563408, y: -172.11433, z: -19.313585}
--- !u!1 &4778555669448451557
GameObject:
  m_ObjectHideFlags: 0
  m_CorrespondingSourceObject: {fileID: 0}
  m_PrefabInstance: {fileID: 0}
  m_PrefabAsset: {fileID: 0}
  serializedVersion: 6
  m_Component:
  - component: {fileID: 4778555669448030597}
  m_Layer: 0
  m_Name: Bip001 R UpperArm
  m_TagString: Untagged
  m_Icon: {fileID: 0}
  m_NavMeshLayer: 0
  m_StaticEditorFlags: 0
  m_IsActive: 1
--- !u!4 &4778555669448030597
Transform:
  m_ObjectHideFlags: 0
  m_CorrespondingSourceObject: {fileID: 0}
  m_PrefabInstance: {fileID: 0}
  m_PrefabAsset: {fileID: 0}
  m_GameObject: {fileID: 4778555669448451557}
  m_LocalRotation: {x: -0.040176395, y: 0.34059682, z: 0.01460711, w: 0.93923706}
  m_LocalPosition: {x: -0.19370848, y: 0.000000006055832, z: 0}
  m_LocalScale: {x: 1, y: 1, z: 1.0000001}
  m_Children:
  - {fileID: 4778555669448030623}
  m_Father: {fileID: 4778555669448030615}
  m_RootOrder: 0
  m_LocalEulerAnglesHint: {x: -17.469578, y: 14.93868, z: 70.11455}
--- !u!1 &4778555669448451559
GameObject:
  m_ObjectHideFlags: 0
  m_CorrespondingSourceObject: {fileID: 0}
  m_PrefabInstance: {fileID: 0}
  m_PrefabAsset: {fileID: 0}
  serializedVersion: 6
  m_Component:
  - component: {fileID: 4778555669448030599}
  m_Layer: 0
  m_Name: Bip001 R Toe0Nub
  m_TagString: Untagged
  m_Icon: {fileID: 0}
  m_NavMeshLayer: 0
  m_StaticEditorFlags: 0
  m_IsActive: 1
--- !u!4 &4778555669448030599
Transform:
  m_ObjectHideFlags: 0
  m_CorrespondingSourceObject: {fileID: 0}
  m_PrefabInstance: {fileID: 0}
  m_PrefabAsset: {fileID: 0}
  m_GameObject: {fileID: 4778555669448451559}
  m_LocalRotation: {x: 1.6970273e-30, y: -9.553415e-16, z: 1.776357e-15, w: 1}
  m_LocalPosition: {x: -0.12456887, y: 0, z: 0}
  m_LocalScale: {x: 0.99999994, y: 1, z: 0.99999994}
  m_Children: []
  m_Father: {fileID: 4778555669448030593}
  m_RootOrder: 0
  m_LocalEulerAnglesHint: {x: 0, y: 0, z: 0}
--- !u!1 &4778555669448451561
GameObject:
  m_ObjectHideFlags: 0
  m_CorrespondingSourceObject: {fileID: 0}
  m_PrefabInstance: {fileID: 0}
  m_PrefabAsset: {fileID: 0}
  serializedVersion: 6
  m_Component:
  - component: {fileID: 4778555669448030601}
  m_Layer: 0
  m_Name: Bip001 Spine1
  m_TagString: Untagged
  m_Icon: {fileID: 0}
  m_NavMeshLayer: 0
  m_StaticEditorFlags: 0
  m_IsActive: 1
--- !u!4 &4778555669448030601
Transform:
  m_ObjectHideFlags: 0
  m_CorrespondingSourceObject: {fileID: 0}
  m_PrefabInstance: {fileID: 0}
  m_PrefabAsset: {fileID: 0}
  m_GameObject: {fileID: 4778555669448451561}
  m_LocalRotation: {x: -3.997937e-14, y: -0.00000010762518, z: 0.03880342, w: 0.99924684}
  m_LocalPosition: {x: -0.31531757, y: -0.00024016218, z: -6.661221e-10}
  m_LocalScale: {x: 1.0000001, y: 1.0000001, z: 1}
  m_Children:
  - {fileID: 4778555669448030649}
  - {fileID: 4778555669448030637}
  - {fileID: 4778555669448030615}
  m_Father: {fileID: 4778555669448030603}
  m_RootOrder: 0
  m_LocalEulerAnglesHint: {x: -16.136814, y: 1.9641169, z: -7.178372}
--- !u!1 &4778555669448451563
GameObject:
  m_ObjectHideFlags: 0
  m_CorrespondingSourceObject: {fileID: 0}
  m_PrefabInstance: {fileID: 0}
  m_PrefabAsset: {fileID: 0}
  serializedVersion: 6
  m_Component:
  - component: {fileID: 4778555669448030603}
  m_Layer: 0
  m_Name: Bip001 Spine
  m_TagString: Untagged
  m_Icon: {fileID: 0}
  m_NavMeshLayer: 0
  m_StaticEditorFlags: 0
  m_IsActive: 1
--- !u!4 &4778555669448030603
Transform:
  m_ObjectHideFlags: 0
  m_CorrespondingSourceObject: {fileID: 0}
  m_PrefabInstance: {fileID: 0}
  m_PrefabAsset: {fileID: 0}
  m_GameObject: {fileID: 4778555669448451563}
  m_LocalRotation: {x: -0.0000020953225, y: 0.00000070887563, z: -0.022573346, w: 0.9997452}
  m_LocalPosition: {x: -0.15888187, y: -0.00025077956, z: 0.00000022068525}
  m_LocalScale: {x: 1, y: 1, z: 0.99999994}
  m_Children:
  - {fileID: 4778555669448030601}
  m_Father: {fileID: 4778555669448030611}
  m_RootOrder: 2
  m_LocalEulerAnglesHint: {x: -1.7093035, y: 1.446365, z: -5.3876433}
--- !u!1 &4778555669448451565
GameObject:
  m_ObjectHideFlags: 0
  m_CorrespondingSourceObject: {fileID: 0}
  m_PrefabInstance: {fileID: 0}
  m_PrefabAsset: {fileID: 0}
  serializedVersion: 6
  m_Component:
  - component: {fileID: 4778555669448030605}
  - component: {fileID: 4778555669436950675}
  m_Layer: 0
  m_Name: Soldier_mesh
  m_TagString: Untagged
  m_Icon: {fileID: 0}
  m_NavMeshLayer: 0
  m_StaticEditorFlags: 0
  m_IsActive: 1
--- !u!4 &4778555669448030605
Transform:
  m_ObjectHideFlags: 0
  m_CorrespondingSourceObject: {fileID: 0}
  m_PrefabInstance: {fileID: 0}
  m_PrefabAsset: {fileID: 0}
  m_GameObject: {fileID: 4778555669448451565}
  m_LocalRotation: {x: -0.7071068, y: 0, z: -0, w: 0.7071068}
  m_LocalPosition: {x: -0, y: 0, z: 0}
  m_LocalScale: {x: 1, y: 1, z: 1}
  m_Children: []
  m_Father: {fileID: 4778555669448030607}
  m_RootOrder: 2
  m_LocalEulerAnglesHint: {x: 0, y: 0, z: 0}
--- !u!137 &4778555669436950675
SkinnedMeshRenderer:
  m_ObjectHideFlags: 0
  m_CorrespondingSourceObject: {fileID: 0}
  m_PrefabInstance: {fileID: 0}
  m_PrefabAsset: {fileID: 0}
  m_GameObject: {fileID: 4778555669448451565}
  m_Enabled: 1
  m_CastShadows: 1
  m_ReceiveShadows: 1
  m_DynamicOccludee: 1
  m_MotionVectors: 1
  m_LightProbeUsage: 1
  m_ReflectionProbeUsage: 1
  m_RayTracingMode: 0
  m_RenderingLayerMask: 1
  m_RendererPriority: 0
  m_Materials:
  - {fileID: 2100000, guid: 69c0fd068809d2a4cafbb12fd8e38326, type: 2}
  - {fileID: 2100000, guid: f1ffde0cab3b53e4b8db6c78d825b21a, type: 2}
  m_StaticBatchInfo:
    firstSubMesh: 0
    subMeshCount: 0
  m_StaticBatchRoot: {fileID: 0}
  m_ProbeAnchor: {fileID: 0}
  m_LightProbeVolumeOverride: {fileID: 0}
  m_ScaleInLightmap: 1
  m_ReceiveGI: 1
  m_PreserveUVs: 0
  m_IgnoreNormalsForChartDetection: 0
  m_ImportantGI: 0
  m_StitchLightmapSeams: 1
  m_SelectedEditorRenderState: 3
  m_MinimumChartSize: 4
  m_AutoUVMaxDistance: 0.5
  m_AutoUVMaxAngle: 89
  m_LightmapParameters: {fileID: 0}
  m_SortingLayerID: 0
  m_SortingLayer: 0
  m_SortingOrder: 0
  serializedVersion: 2
  m_Quality: 0
  m_UpdateWhenOffscreen: 0
  m_SkinnedMotionVectors: 1
  m_Mesh: {fileID: 4300000, guid: fcb334eb247ae3e488abb081c847cf09, type: 3}
  m_Bones:
  - {fileID: 4778555669448030603}
  - {fileID: 4778555669448030601}
  - {fileID: 4778555669448030611}
  - {fileID: 4778555669448030629}
  - {fileID: 4778555669448030651}
  - {fileID: 4778555669448030595}
  - {fileID: 4778555669448030627}
  - {fileID: 4778555669448030635}
  - {fileID: 4778555669448030609}
  - {fileID: 4778555669448030617}
  - {fileID: 4778555669448030593}
  - {fileID: 4778555669448030647}
  - {fileID: 4778555669448030625}
  - {fileID: 4778555669448030631}
  - {fileID: 4778555669448030639}
  - {fileID: 4778555669448030655}
  - {fileID: 4778555669448030623}
  - {fileID: 4778555669448030621}
  - {fileID: 4778555669448030597}
  - {fileID: 4778555669448030613}
  m_BlendShapeWeights: []
  m_RootBone: {fileID: 4778555669448030611}
  m_AABB:
    m_Center: {x: -0.006183207, y: 0.14674488, z: -0.18911481}
    m_Extent: {x: 1.2868366, y: 0.52503693, z: 1.2117211}
  m_DirtyAABB: 0
--- !u!1 &4778555669448451567
GameObject:
  m_ObjectHideFlags: 0
  m_CorrespondingSourceObject: {fileID: 0}
  m_PrefabInstance: {fileID: 0}
  m_PrefabAsset: {fileID: 0}
  serializedVersion: 6
  m_Component:
  - component: {fileID: 4778555669448030607}
  - component: {fileID: 4778555669441025619}
  - component: {fileID: 4778555670186729761}
  - component: {fileID: 4778555670186729760}
  - component: {fileID: 4778555670186729790}
  - component: {fileID: 4778555670186729763}
  m_Layer: 0
  m_Name: Soldier_demo
  m_TagString: Untagged
  m_Icon: {fileID: 0}
  m_NavMeshLayer: 0
  m_StaticEditorFlags: 0
  m_IsActive: 1
--- !u!4 &4778555669448030607
Transform:
  m_ObjectHideFlags: 0
  m_CorrespondingSourceObject: {fileID: 0}
  m_PrefabInstance: {fileID: 0}
  m_PrefabAsset: {fileID: 0}
  m_GameObject: {fileID: 4778555669448451567}
  m_LocalRotation: {x: 0, y: 0, z: 0, w: 1}
  m_LocalPosition: {x: 6.85, y: -0.21, z: 5.56}
  m_LocalScale: {x: 1, y: 1, z: 1}
  m_Children:
  - {fileID: 3701168923985723713}
  - {fileID: 4778555669448030643}
  - {fileID: 4778555669448030605}
  m_Father: {fileID: 0}
  m_RootOrder: 0
  m_LocalEulerAnglesHint: {x: 0, y: 0, z: 0}
--- !u!95 &4778555669441025619
Animator:
  serializedVersion: 3
  m_ObjectHideFlags: 0
  m_CorrespondingSourceObject: {fileID: 0}
  m_PrefabInstance: {fileID: 0}
  m_PrefabAsset: {fileID: 0}
  m_GameObject: {fileID: 4778555669448451567}
  m_Enabled: 1
  m_Avatar: {fileID: 9000000, guid: fcb334eb247ae3e488abb081c847cf09, type: 3}
  m_Controller: {fileID: 9100000, guid: 496739e23c6647e44bb364c8674abbed, type: 2}
  m_CullingMode: 1
  m_UpdateMode: 0
  m_ApplyRootMotion: 0
  m_LinearVelocityBlending: 0
  m_WarningMessage: 
  m_HasTransformHierarchy: 1
  m_AllowConstantClipSamplingOptimization: 1
  m_KeepAnimatorControllerStateOnDisable: 0
--- !u!54 &4778555670186729761
Rigidbody:
  m_ObjectHideFlags: 0
  m_CorrespondingSourceObject: {fileID: 0}
  m_PrefabInstance: {fileID: 0}
  m_PrefabAsset: {fileID: 0}
  m_GameObject: {fileID: 4778555669448451567}
  serializedVersion: 2
  m_Mass: 1
  m_Drag: 0
  m_AngularDrag: 0.05
  m_UseGravity: 1
  m_IsKinematic: 0
  m_Interpolate: 0
  m_Constraints: 0
  m_CollisionDetection: 0
--- !u!136 &4778555670186729760
CapsuleCollider:
  m_ObjectHideFlags: 0
  m_CorrespondingSourceObject: {fileID: 0}
  m_PrefabInstance: {fileID: 0}
  m_PrefabAsset: {fileID: 0}
  m_GameObject: {fileID: 4778555669448451567}
  m_Material: {fileID: 0}
  m_IsTrigger: 0
  m_Enabled: 1
  m_Radius: 0.31249022
  m_Height: 3.0760994
  m_Direction: 1
  m_Center: {x: 0.0114200115, y: 1.0380497, z: 0.008354902}
--- !u!114 &4778555670186729790
MonoBehaviour:
  m_ObjectHideFlags: 0
  m_CorrespondingSourceObject: {fileID: 0}
  m_PrefabInstance: {fileID: 0}
  m_PrefabAsset: {fileID: 0}
  m_GameObject: {fileID: 4778555669448451567}
  m_Enabled: 1
  m_EditorHideFlags: 0
  m_Script: {fileID: 11500000, guid: 74eb44fa58cded942ad1b7c39a8290ec, type: 3}
  m_Name: 
  m_EditorClassIdentifier: 
  _groundLayer:
    serializedVersion: 2
    m_Bits: 256
  _unitsHolder: {fileID: 0}
  _cursor: {fileID: 0}
  _jumpForce: 1
  _speed: 0.3
  _maxSpeed: 3
--- !u!114 &4778555670186729763
MonoBehaviour:
  m_ObjectHideFlags: 0
  m_CorrespondingSourceObject: {fileID: 0}
  m_PrefabInstance: {fileID: 0}
  m_PrefabAsset: {fileID: 0}
  m_GameObject: {fileID: 4778555669448451567}
  m_Enabled: 1
  m_EditorHideFlags: 0
  m_Script: {fileID: 11500000, guid: a77b30c7559d08440ac527b3a05511e1, type: 3}
  m_Name: 
  m_EditorClassIdentifier: 
--- !u!1 &4778555669448451569
GameObject:
  m_ObjectHideFlags: 0
  m_CorrespondingSourceObject: {fileID: 0}
  m_PrefabInstance: {fileID: 0}
  m_PrefabAsset: {fileID: 0}
  serializedVersion: 6
  m_Component:
  - component: {fileID: 4778555669448030609}
  m_Layer: 0
  m_Name: Bip001 R Calf
  m_TagString: Untagged
  m_Icon: {fileID: 0}
  m_NavMeshLayer: 0
  m_StaticEditorFlags: 0
  m_IsActive: 1
--- !u!4 &4778555669448030609
Transform:
  m_ObjectHideFlags: 0
  m_CorrespondingSourceObject: {fileID: 0}
  m_PrefabInstance: {fileID: 0}
  m_PrefabAsset: {fileID: 0}
  m_GameObject: {fileID: 4778555669448451569}
  m_LocalRotation: {x: -2.9707743e-11, y: 9.3084873e-10, z: 0.031898446, w: 0.99949116}
  m_LocalPosition: {x: -0.62975675, y: 0, z: 0}
  m_LocalScale: {x: 0.99999994, y: 0.9999998, z: 0.99999994}
  m_Children:
  - {fileID: 4778555669448030617}
  m_Father: {fileID: 4778555669448030595}
  m_RootOrder: 0
  m_LocalEulerAnglesHint: {x: -0.000005463924, y: -0.0000055373384, z: 44.515244}
--- !u!1 &4778555669448451571
GameObject:
  m_ObjectHideFlags: 0
  m_CorrespondingSourceObject: {fileID: 0}
  m_PrefabInstance: {fileID: 0}
  m_PrefabAsset: {fileID: 0}
  serializedVersion: 6
  m_Component:
  - component: {fileID: 4778555669448030611}
  m_Layer: 0
  m_Name: Bip001 Pelvis
  m_TagString: Untagged
  m_Icon: {fileID: 0}
  m_NavMeshLayer: 0
  m_StaticEditorFlags: 0
  m_IsActive: 1
--- !u!4 &4778555669448030611
Transform:
  m_ObjectHideFlags: 0
  m_CorrespondingSourceObject: {fileID: 0}
  m_PrefabInstance: {fileID: 0}
  m_PrefabAsset: {fileID: 0}
  m_GameObject: {fileID: 4778555669448451571}
  m_LocalRotation: {x: -0.5, y: 0.5, z: 0.4999993, w: 0.5000007}
  m_LocalPosition: {x: -0, y: 0, z: 0}
  m_LocalScale: {x: 1, y: 0.99999994, z: 0.99999994}
  m_Children:
  - {fileID: 4778555669448030629}
  - {fileID: 4778555669448030595}
  - {fileID: 4778555669448030603}
  m_Father: {fileID: 4778555669448030643}
  m_RootOrder: 1
  m_LocalEulerAnglesHint: {x: -61.659004, y: -80.787926, z: 171.94792}
--- !u!1 &4778555669448451573
GameObject:
  m_ObjectHideFlags: 0
  m_CorrespondingSourceObject: {fileID: 0}
  m_PrefabInstance: {fileID: 0}
  m_PrefabAsset: {fileID: 0}
  serializedVersion: 6
  m_Component:
  - component: {fileID: 4778555669448030613}
  m_Layer: 0
  m_Name: Bip001 R Finger0
  m_TagString: Untagged
  m_Icon: {fileID: 0}
  m_NavMeshLayer: 0
  m_StaticEditorFlags: 0
  m_IsActive: 1
--- !u!4 &4778555669448030613
Transform:
  m_ObjectHideFlags: 0
  m_CorrespondingSourceObject: {fileID: 0}
  m_PrefabInstance: {fileID: 0}
  m_PrefabAsset: {fileID: 0}
  m_GameObject: {fileID: 4778555669448451573}
  m_LocalRotation: {x: 0.00038511696, y: 0.00010105192, z: -0.25378627, w: 0.9672603}
  m_LocalPosition: {x: -0.13174467, y: 0, z: 0}
  m_LocalScale: {x: 1, y: 0.99999994, z: 1.0000001}
  m_Children:
  - {fileID: 4778555669448030619}
  m_Father: {fileID: 4778555669448030621}
  m_RootOrder: 0
  m_LocalEulerAnglesHint: {x: 5.413484, y: -7.2010837, z: -52.611347}
--- !u!1 &4778555669448451575
GameObject:
  m_ObjectHideFlags: 0
  m_CorrespondingSourceObject: {fileID: 0}
  m_PrefabInstance: {fileID: 0}
  m_PrefabAsset: {fileID: 0}
  serializedVersion: 6
  m_Component:
  - component: {fileID: 4778555669448030615}
  m_Layer: 0
  m_Name: Bip001 R Clavicle
  m_TagString: Untagged
  m_Icon: {fileID: 0}
  m_NavMeshLayer: 0
  m_StaticEditorFlags: 0
  m_IsActive: 1
--- !u!4 &4778555669448030615
Transform:
  m_ObjectHideFlags: 0
  m_CorrespondingSourceObject: {fileID: 0}
  m_PrefabInstance: {fileID: 0}
  m_PrefabAsset: {fileID: 0}
  m_GameObject: {fileID: 4778555669448451575}
  m_LocalRotation: {x: 0.6408772, y: 0.00025410982, z: 0.76764333, w: -0.00030653083}
  m_LocalPosition: {x: -0.29195407, y: -0.00034350797, z: -0.081713825}
  m_LocalScale: {x: 1.0000001, y: 1.0000001, z: 1.0000001}
  m_Children:
  - {fileID: 4778555669448030597}
  m_Father: {fileID: 4778555669448030601}
  m_RootOrder: 2
  m_LocalEulerAnglesHint: {x: 0.9354202, y: 75.85607, z: -176.10738}
--- !u!1 &4778555669448451577
GameObject:
  m_ObjectHideFlags: 0
  m_CorrespondingSourceObject: {fileID: 0}
  m_PrefabInstance: {fileID: 0}
  m_PrefabAsset: {fileID: 0}
  serializedVersion: 6
  m_Component:
  - component: {fileID: 4778555669448030617}
  m_Layer: 0
  m_Name: Bip001 R Foot
  m_TagString: Untagged
  m_Icon: {fileID: 0}
  m_NavMeshLayer: 0
  m_StaticEditorFlags: 0
  m_IsActive: 1
--- !u!4 &4778555669448030617
Transform:
  m_ObjectHideFlags: 0
  m_CorrespondingSourceObject: {fileID: 0}
  m_PrefabInstance: {fileID: 0}
  m_PrefabAsset: {fileID: 0}
  m_GameObject: {fileID: 4778555669448451577}
  m_LocalRotation: {x: 0.00020005148, y: -0.0052114474, z: -0.04368905, w: 0.99903154}
  m_LocalPosition: {x: -0.51009345, y: 0.000000006055832, z: 0.000000024223327}
  m_LocalScale: {x: 1, y: 1.0000001, z: 1}
  m_Children:
  - {fileID: 4778555669448030593}
  m_Father: {fileID: 4778555669448030609}
  m_RootOrder: 0
  m_LocalEulerAnglesHint: {x: -10.166283, y: -2.2079225, z: -29.028402}
--- !u!1 &4778555669448451579
GameObject:
  m_ObjectHideFlags: 0
  m_CorrespondingSourceObject: {fileID: 0}
  m_PrefabInstance: {fileID: 0}
  m_PrefabAsset: {fileID: 0}
  serializedVersion: 6
  m_Component:
  - component: {fileID: 4778555669448030619}
  m_Layer: 0
  m_Name: Bip001 R Finger0Nub
  m_TagString: Untagged
  m_Icon: {fileID: 0}
  m_NavMeshLayer: 0
  m_StaticEditorFlags: 0
  m_IsActive: 1
--- !u!4 &4778555669448030619
Transform:
  m_ObjectHideFlags: 0
  m_CorrespondingSourceObject: {fileID: 0}
  m_PrefabInstance: {fileID: 0}
  m_PrefabAsset: {fileID: 0}
  m_GameObject: {fileID: 4778555669448451579}
  m_LocalRotation: {x: 0.0000000074505797, y: -0.0000000037252899, z: 1, w: 0.0000000037252899}
  m_LocalPosition: {x: -0.11363182, y: 0.00000009689331, z: -0.000000012111664}
  m_LocalScale: {x: -1.0000001, y: -1.0000001, z: -1.0000001}
  m_Children: []
  m_Father: {fileID: 4778555669448030613}
  m_RootOrder: 0
  m_LocalEulerAnglesHint: {x: 0, y: 0, z: 0}
--- !u!1 &4778555669448451581
GameObject:
  m_ObjectHideFlags: 0
  m_CorrespondingSourceObject: {fileID: 0}
  m_PrefabInstance: {fileID: 0}
  m_PrefabAsset: {fileID: 0}
  serializedVersion: 6
  m_Component:
  - component: {fileID: 4778555669448030621}
  m_Layer: 0
  m_Name: Bip001 R Hand
  m_TagString: Untagged
  m_Icon: {fileID: 0}
  m_NavMeshLayer: 0
  m_StaticEditorFlags: 0
  m_IsActive: 1
--- !u!4 &4778555669448030621
Transform:
  m_ObjectHideFlags: 0
  m_CorrespondingSourceObject: {fileID: 0}
  m_PrefabInstance: {fileID: 0}
  m_PrefabAsset: {fileID: 0}
  m_GameObject: {fileID: 4778555669448451581}
  m_LocalRotation: {x: 0.7067734, y: 0.066636086, z: -0.008636254, w: 0.70424175}
  m_LocalPosition: {x: -0.3868161, y: 0.000000006055832, z: -0.00000009689331}
  m_LocalScale: {x: 1, y: 1.0000001, z: 1.0000001}
  m_Children:
  - {fileID: 4778555669448030613}
  m_Father: {fileID: 4778555669448030623}
  m_RootOrder: 0
  m_LocalEulerAnglesHint: {x: 29.22521, y: -156.34637, z: -129.48482}
--- !u!1 &4778555669448451583
GameObject:
  m_ObjectHideFlags: 0
  m_CorrespondingSourceObject: {fileID: 0}
  m_PrefabInstance: {fileID: 0}
  m_PrefabAsset: {fileID: 0}
  serializedVersion: 6
  m_Component:
  - component: {fileID: 4778555669448030623}
  m_Layer: 0
  m_Name: Bip001 R Forearm
  m_TagString: Untagged
  m_Icon: {fileID: 0}
  m_NavMeshLayer: 0
  m_StaticEditorFlags: 0
  m_IsActive: 1
--- !u!4 &4778555669448030623
Transform:
  m_ObjectHideFlags: 0
  m_CorrespondingSourceObject: {fileID: 0}
  m_PrefabInstance: {fileID: 0}
  m_PrefabAsset: {fileID: 0}
  m_GameObject: {fileID: 4778555669448451583}
  m_LocalRotation: {x: -0.000000015366888, y: 0.000000043441457, z: 0.09487927, w: 0.9954888}
  m_LocalPosition: {x: -0.43241623, y: 0, z: 0}
  m_LocalScale: {x: 1.0000001, y: 1, z: 1}
  m_Children:
  - {fileID: 4778555669448030621}
  m_Father: {fileID: 4778555669448030597}
  m_RootOrder: 0
  m_LocalEulerAnglesHint: {x: 0.0000007473118, y: 0.0000009767704, z: 112.57169}
--- !u!1001 &3548162433445786116
PrefabInstance:
  m_ObjectHideFlags: 0
  serializedVersion: 2
  m_Modification:
    m_TransformParent: {fileID: 4778555669448030607}
    m_Modifications:
    - target: {fileID: 171325257545265989, guid: b517cc8df2ca5a3458bf87dc66eb16d7,
        type: 3}
      propertyPath: m_RootOrder
      value: 0
      objectReference: {fileID: 0}
    - target: {fileID: 171325257545265989, guid: b517cc8df2ca5a3458bf87dc66eb16d7,
        type: 3}
      propertyPath: m_LocalPosition.x
      value: 17.503
      objectReference: {fileID: 0}
    - target: {fileID: 171325257545265989, guid: b517cc8df2ca5a3458bf87dc66eb16d7,
        type: 3}
      propertyPath: m_LocalPosition.y
      value: 1.63
      objectReference: {fileID: 0}
    - target: {fileID: 171325257545265989, guid: b517cc8df2ca5a3458bf87dc66eb16d7,
        type: 3}
      propertyPath: m_LocalPosition.z
      value: 16.964
      objectReference: {fileID: 0}
    - target: {fileID: 171325257545265989, guid: b517cc8df2ca5a3458bf87dc66eb16d7,
        type: 3}
      propertyPath: m_LocalRotation.w
      value: 1
      objectReference: {fileID: 0}
    - target: {fileID: 171325257545265989, guid: b517cc8df2ca5a3458bf87dc66eb16d7,
        type: 3}
      propertyPath: m_LocalRotation.x
      value: 0
      objectReference: {fileID: 0}
    - target: {fileID: 171325257545265989, guid: b517cc8df2ca5a3458bf87dc66eb16d7,
        type: 3}
      propertyPath: m_LocalRotation.y
      value: 0
      objectReference: {fileID: 0}
    - target: {fileID: 171325257545265989, guid: b517cc8df2ca5a3458bf87dc66eb16d7,
        type: 3}
      propertyPath: m_LocalRotation.z
      value: 0
      objectReference: {fileID: 0}
    - target: {fileID: 171325257545265989, guid: b517cc8df2ca5a3458bf87dc66eb16d7,
        type: 3}
      propertyPath: m_LocalEulerAnglesHint.x
      value: 0
      objectReference: {fileID: 0}
    - target: {fileID: 171325257545265989, guid: b517cc8df2ca5a3458bf87dc66eb16d7,
        type: 3}
      propertyPath: m_LocalEulerAnglesHint.y
      value: 0
      objectReference: {fileID: 0}
    - target: {fileID: 171325257545265989, guid: b517cc8df2ca5a3458bf87dc66eb16d7,
        type: 3}
      propertyPath: m_LocalEulerAnglesHint.z
      value: 0
      objectReference: {fileID: 0}
    - target: {fileID: 171325257545265991, guid: b517cc8df2ca5a3458bf87dc66eb16d7,
        type: 3}
      propertyPath: m_Name
      value: Shot
      objectReference: {fileID: 0}
    m_RemovedComponents: []
  m_SourcePrefab: {fileID: 100100000, guid: b517cc8df2ca5a3458bf87dc66eb16d7, type: 3}
--- !u!4 &3701168923985723713 stripped
Transform:
  m_CorrespondingSourceObject: {fileID: 171325257545265989, guid: b517cc8df2ca5a3458bf87dc66eb16d7,
    type: 3}
  m_PrefabInstance: {fileID: 3548162433445786116}
  m_PrefabAsset: {fileID: 0}
